%YAML 1.1
%TAG !u! tag:unity3d.com,2011:
--- !u!1 &120004
GameObject:
  m_ObjectHideFlags: 0
  m_PrefabParentObject: {fileID: 0}
  m_PrefabInternal: {fileID: 100100000}
  serializedVersion: 4
  m_Component:
  - 4: {fileID: 466468}
  - 114: {fileID: 11452546}
  - 114: {fileID: 11472510}
  - 58: {fileID: 5889280}
  - 50: {fileID: 5058750}
  - 114: {fileID: 11400012}
  - 58: {fileID: 5864626}
  - 58: {fileID: 5874266}
  m_Layer: 8
  m_Name: CatCollectible
  m_TagString: ProximityTriggers
  m_Icon: {fileID: 0}
  m_NavMeshLayer: 0
  m_StaticEditorFlags: 0
  m_IsActive: 1
--- !u!4 &466468
Transform:
  m_ObjectHideFlags: 1
  m_PrefabParentObject: {fileID: 0}
  m_PrefabInternal: {fileID: 100100000}
  m_GameObject: {fileID: 120004}
  m_LocalRotation: {x: 0, y: 0, z: 0, w: 1}
  m_LocalPosition: {x: 4.25, y: 0, z: 0}
  m_LocalScale: {x: 1, y: 1, z: 1}
  m_Children: []
  m_Father: {fileID: 0}
  m_RootOrder: 0
--- !u!50 &5058750
Rigidbody2D:
  serializedVersion: 2
  m_ObjectHideFlags: 1
  m_PrefabParentObject: {fileID: 0}
  m_PrefabInternal: {fileID: 100100000}
  m_GameObject: {fileID: 120004}
  m_Mass: 1
  m_LinearDrag: 0
  m_AngularDrag: .0500000007
  m_GravityScale: 0
  m_IsKinematic: 0
  m_Interpolate: 0
  m_SleepingMode: 1
  m_CollisionDetection: 0
  m_Constraints: 0
--- !u!58 &5864626
CircleCollider2D:
  m_ObjectHideFlags: 1
  m_PrefabParentObject: {fileID: 0}
  m_PrefabInternal: {fileID: 100100000}
  m_GameObject: {fileID: 120004}
  m_Enabled: 1
  m_Material: {fileID: 0}
  m_IsTrigger: 0
  m_UsedByEffector: 0
  m_Offset: {x: 0, y: 0}
  serializedVersion: 2
  m_Radius: .25
--- !u!58 &5874266
CircleCollider2D:
  m_ObjectHideFlags: 1
  m_PrefabParentObject: {fileID: 0}
  m_PrefabInternal: {fileID: 100100000}
  m_GameObject: {fileID: 120004}
  m_Enabled: 1
  m_Material: {fileID: 0}
  m_IsTrigger: 0
  m_UsedByEffector: 0
  m_Offset: {x: 0, y: 0}
  serializedVersion: 2
  m_Radius: .25
--- !u!58 &5889280
CircleCollider2D:
  m_ObjectHideFlags: 1
  m_PrefabParentObject: {fileID: 0}
  m_PrefabInternal: {fileID: 100100000}
  m_GameObject: {fileID: 120004}
  m_Enabled: 1
  m_Material: {fileID: 0}
  m_IsTrigger: 1
  m_UsedByEffector: 0
  m_Offset: {x: 0, y: 0}
  serializedVersion: 2
  m_Radius: .5
--- !u!114 &11400012
MonoBehaviour:
  m_ObjectHideFlags: 1
  m_PrefabParentObject: {fileID: 0}
  m_PrefabInternal: {fileID: 100100000}
  m_GameObject: {fileID: 120004}
  m_Enabled: 1
  m_EditorHideFlags: 0
  m_Script: {fileID: 11500000, guid: 54d7a8251e93f624aaa58df5a9537806, type: 3}
  m_Name: 
  m_EditorClassIdentifier: 
  Keys:
    Left: 276
    Right: 275
    Up: 273
    Down: 274
    ActionA: 102
    ActionB: 114
  AI:
    AIThinkTime: .5
    Behaviours: 00000000
    DistThres: 3
--- !u!114 &11452546
MonoBehaviour:
  m_ObjectHideFlags: 1
  m_PrefabParentObject: {fileID: 0}
  m_PrefabInternal: {fileID: 100100000}
  m_GameObject: {fileID: 120004}
  m_Enabled: 1
  m_EditorHideFlags: 0
  m_Script: {fileID: 11500000, guid: 531ee76de4c3b6449971c1b47763662d, type: 3}
  m_Name: 
  m_EditorClassIdentifier: 
  MyTransform: {fileID: 0}
  Settings:
    Accel: 36
    Friction: 30
    MaxSpeed: 3
    InvulnerableTime: 3
    Index: 0
  CollecSettings:
    Collectible: 0
    ResetTime: 2
    SoundOnDestroy: {fileID: 8300000, guid: 1f75ccc86bd171b47bcae148a3ed339c, type: 3}
    SoundOnCatch: {fileID: 8300000, guid: 48c5c7ea9b6d4c8428c14345cc9c0880, type: 3}
--- !u!114 &11472510
MonoBehaviour:
  m_ObjectHideFlags: 1
  m_PrefabParentObject: {fileID: 0}
  m_PrefabInternal: {fileID: 100100000}
  m_GameObject: {fileID: 120004}
  m_Enabled: 1
  m_EditorHideFlags: 0
  m_Script: {fileID: 11500000, guid: b9950332a144035439a8804ca348157a, type: 3}
  m_Name: 
  m_EditorClassIdentifier: 
  Sprite: {fileID: 0}
  Anim: {fileID: 0}
  AnimOldSchool: {fileID: 0}
  Settings:
    MeshName: Cat
--- !u!1001 &100100000
Prefab:
  m_ObjectHideFlags: 1
  serializedVersion: 2
  m_Modification:
    m_TransformParent: {fileID: 0}
    m_Modifications:
    - target: {fileID: 0}
      propertyPath: AI.Behaviours.Array.size
      value: 1
      objectReference: {fileID: 0}
    - target: {fileID: 0}
      propertyPath: Settings.Accel
      value: 36
      objectReference: {fileID: 0}
    - target: {fileID: 0}
      propertyPath: Settings.Friction
      value: 30
      objectReference: {fileID: 0}
    - target: {fileID: 0}
      propertyPath: Settings.MaxSpeed
      value: 3
      objectReference: {fileID: 0}
    - target: {fileID: 0}
      propertyPath: AI.DistThres
      value: 3
      objectReference: {fileID: 0}
    - target: {fileID: 0}
      propertyPath: CollecSettings.SoundOnDestroy
      value: 
      objectReference: {fileID: 8300000, guid: 1f75ccc86bd171b47bcae148a3ed339c, type: 3}
    - target: {fileID: 0}
      propertyPath: CollecSettings.SoundOnCatch
      value: 
      objectReference: {fileID: 8300000, guid: 48c5c7ea9b6d4c8428c14345cc9c0880, type: 3}
    m_RemovedComponents: []
  m_ParentPrefab: {fileID: 0}
  m_RootGameObject: {fileID: 120004}
  m_IsPrefabParent: 1
