%YAML 1.1
%TAG !u! tag:unity3d.com,2011:
--- !u!29 &1
SceneSettings:
  m_ObjectHideFlags: 0
  m_PVSData: 
  m_PVSObjectsArray: []
  m_PVSPortalsArray: []
  m_OcclusionBakeSettings:
    smallestOccluder: 5
    smallestHole: .25
    backfaceThreshold: 100
--- !u!104 &2
RenderSettings:
  m_ObjectHideFlags: 0
  serializedVersion: 6
  m_Fog: 0
  m_FogColor: {r: .5, g: .5, b: .5, a: 1}
  m_FogMode: 3
  m_FogDensity: .00999999978
  m_LinearFogStart: 0
  m_LinearFogEnd: 300
  m_AmbientSkyColor: {r: .211999997, g: .226999998, b: .259000003, a: 1}
  m_AmbientEquatorColor: {r: .114, g: .125, b: .133000001, a: 1}
  m_AmbientGroundColor: {r: .0469999984, g: .0430000015, b: .0350000001, a: 1}
  m_AmbientIntensity: 1
  m_AmbientMode: 3
  m_SkyboxMaterial: {fileID: 0}
  m_HaloStrength: .5
  m_FlareStrength: 1
  m_FlareFadeSpeed: 3
  m_HaloTexture: {fileID: 0}
  m_SpotCookie: {fileID: 10001, guid: 0000000000000000e000000000000000, type: 0}
  m_DefaultReflectionMode: 0
  m_DefaultReflectionResolution: 128
  m_ReflectionBounces: 1
  m_ReflectionIntensity: 1
  m_CustomReflection: {fileID: 0}
  m_Sun: {fileID: 0}
--- !u!157 &3
LightmapSettings:
  m_ObjectHideFlags: 0
  serializedVersion: 5
  m_GIWorkflowMode: 1
  m_LightmapsMode: 1
  m_GISettings:
    serializedVersion: 2
    m_BounceScale: 1
    m_IndirectOutputScale: 1
    m_AlbedoBoost: 1
    m_TemporalCoherenceThreshold: 1
    m_EnvironmentLightingMode: 0
    m_EnableBakedLightmaps: 0
    m_EnableRealtimeLightmaps: 0
  m_LightmapEditorSettings:
    serializedVersion: 3
    m_Resolution: 2
    m_BakeResolution: 40
    m_TextureWidth: 1024
    m_TextureHeight: 1024
    m_AOMaxDistance: 1
    m_Padding: 2
    m_CompAOExponent: 0
    m_LightmapParameters: {fileID: 0}
    m_TextureCompression: 1
    m_FinalGather: 0
    m_FinalGatherRayCount: 1024
  m_LightmapSnapshot: {fileID: 0}
  m_RuntimeCPUUsage: 25
--- !u!196 &4
NavMeshSettings:
  serializedVersion: 2
  m_ObjectHideFlags: 0
  m_BuildSettings:
    serializedVersion: 2
    agentRadius: .5
    agentHeight: 2
    agentSlope: 45
    agentClimb: .400000006
    ledgeDropHeight: 0
    maxJumpAcrossDistance: 0
    accuratePlacement: 0
    minRegionArea: 2
    cellSize: .166666672
    manualCellSize: 0
  m_NavMeshData: {fileID: 0}
--- !u!127 &5
LevelGameManager:
  m_ObjectHideFlags: 0
--- !u!1001 &50001848
Prefab:
  m_ObjectHideFlags: 0
  serializedVersion: 2
  m_Modification:
    m_TransformParent: {fileID: 0}
    m_Modifications:
    - target: {fileID: 466468, guid: 92fec7101c126f447a67cef51d451ba2, type: 2}
      propertyPath: m_LocalPosition.x
      value: 4.36000013
      objectReference: {fileID: 0}
    - target: {fileID: 466468, guid: 92fec7101c126f447a67cef51d451ba2, type: 2}
      propertyPath: m_LocalPosition.y
      value: .600000024
      objectReference: {fileID: 0}
    - target: {fileID: 466468, guid: 92fec7101c126f447a67cef51d451ba2, type: 2}
      propertyPath: m_LocalPosition.z
      value: 0
      objectReference: {fileID: 0}
    - target: {fileID: 466468, guid: 92fec7101c126f447a67cef51d451ba2, type: 2}
      propertyPath: m_LocalRotation.x
      value: 0
      objectReference: {fileID: 0}
    - target: {fileID: 466468, guid: 92fec7101c126f447a67cef51d451ba2, type: 2}
      propertyPath: m_LocalRotation.y
      value: 0
      objectReference: {fileID: 0}
    - target: {fileID: 466468, guid: 92fec7101c126f447a67cef51d451ba2, type: 2}
      propertyPath: m_LocalRotation.z
      value: 0
      objectReference: {fileID: 0}
    - target: {fileID: 466468, guid: 92fec7101c126f447a67cef51d451ba2, type: 2}
      propertyPath: m_LocalRotation.w
      value: 1
      objectReference: {fileID: 0}
    - target: {fileID: 466468, guid: 92fec7101c126f447a67cef51d451ba2, type: 2}
      propertyPath: m_RootOrder
      value: 8
      objectReference: {fileID: 0}
    - target: {fileID: 120004, guid: 92fec7101c126f447a67cef51d451ba2, type: 2}
      propertyPath: m_Name
      value: CatCollectible (1)
      objectReference: {fileID: 0}
    m_RemovedComponents: []
  m_ParentPrefab: {fileID: 100100000, guid: 92fec7101c126f447a67cef51d451ba2, type: 2}
  m_IsPrefabParent: 0
--- !u!1001 &133215279
Prefab:
  m_ObjectHideFlags: 0
  serializedVersion: 2
  m_Modification:
    m_TransformParent: {fileID: 832507861}
    m_Modifications:
    - target: {fileID: 492396, guid: dfc2e33d39b7ac440a70847059eba179, type: 2}
      propertyPath: m_LocalPosition.x
      value: 0
      objectReference: {fileID: 0}
    - target: {fileID: 492396, guid: dfc2e33d39b7ac440a70847059eba179, type: 2}
      propertyPath: m_LocalPosition.y
      value: -4.46999979
      objectReference: {fileID: 0}
    - target: {fileID: 492396, guid: dfc2e33d39b7ac440a70847059eba179, type: 2}
      propertyPath: m_LocalPosition.z
      value: 0
      objectReference: {fileID: 0}
    - target: {fileID: 492396, guid: dfc2e33d39b7ac440a70847059eba179, type: 2}
      propertyPath: m_LocalRotation.x
      value: 0
      objectReference: {fileID: 0}
    - target: {fileID: 492396, guid: dfc2e33d39b7ac440a70847059eba179, type: 2}
      propertyPath: m_LocalRotation.y
      value: 0
      objectReference: {fileID: 0}
    - target: {fileID: 492396, guid: dfc2e33d39b7ac440a70847059eba179, type: 2}
      propertyPath: m_LocalRotation.z
      value: 0
      objectReference: {fileID: 0}
    - target: {fileID: 492396, guid: dfc2e33d39b7ac440a70847059eba179, type: 2}
      propertyPath: m_LocalRotation.w
      value: 1
      objectReference: {fileID: 0}
    - target: {fileID: 492396, guid: dfc2e33d39b7ac440a70847059eba179, type: 2}
      propertyPath: m_RootOrder
      value: 0
      objectReference: {fileID: 0}
    m_RemovedComponents: []
  m_ParentPrefab: {fileID: 100100000, guid: dfc2e33d39b7ac440a70847059eba179, type: 2}
  m_IsPrefabParent: 0
--- !u!1 &140026719
GameObject:
  m_ObjectHideFlags: 0
  m_PrefabParentObject: {fileID: 0}
  m_PrefabInternal: {fileID: 0}
  serializedVersion: 4
  m_Component:
  - 4: {fileID: 140026724}
  - 20: {fileID: 140026723}
  - 92: {fileID: 140026722}
  - 124: {fileID: 140026721}
  - 81: {fileID: 140026720}
  m_Layer: 0
  m_Name: Main Camera
  m_TagString: MainCamera
  m_Icon: {fileID: 0}
  m_NavMeshLayer: 0
  m_StaticEditorFlags: 0
  m_IsActive: 1
--- !u!81 &140026720
AudioListener:
  m_ObjectHideFlags: 0
  m_PrefabParentObject: {fileID: 0}
  m_PrefabInternal: {fileID: 0}
  m_GameObject: {fileID: 140026719}
  m_Enabled: 1
--- !u!124 &140026721
Behaviour:
  m_ObjectHideFlags: 0
  m_PrefabParentObject: {fileID: 0}
  m_PrefabInternal: {fileID: 0}
  m_GameObject: {fileID: 140026719}
  m_Enabled: 1
--- !u!92 &140026722
Behaviour:
  m_ObjectHideFlags: 0
  m_PrefabParentObject: {fileID: 0}
  m_PrefabInternal: {fileID: 0}
  m_GameObject: {fileID: 140026719}
  m_Enabled: 1
--- !u!20 &140026723
Camera:
  m_ObjectHideFlags: 0
  m_PrefabParentObject: {fileID: 0}
  m_PrefabInternal: {fileID: 0}
  m_GameObject: {fileID: 140026719}
  m_Enabled: 1
  serializedVersion: 2
  m_ClearFlags: 1
  m_BackGroundColor: {r: .192156866, g: .301960796, b: .474509805, a: .0196078438}
  m_NormalizedViewPortRect:
    serializedVersion: 2
    x: 0
    y: 0
    width: 1
    height: 1
  near clip plane: .300000012
  far clip plane: 1000
  field of view: 60
  orthographic: 1
  orthographic size: 5
  m_Depth: -1
  m_CullingMask:
    serializedVersion: 2
    m_Bits: 4294967295
  m_RenderingPath: -1
  m_TargetTexture: {fileID: 0}
  m_TargetDisplay: 0
  m_HDR: 0
  m_OcclusionCulling: 1
  m_StereoConvergence: 10
  m_StereoSeparation: .0219999999
  m_StereoMirrorMode: 0
--- !u!4 &140026724
Transform:
  m_ObjectHideFlags: 0
  m_PrefabParentObject: {fileID: 0}
  m_PrefabInternal: {fileID: 0}
  m_GameObject: {fileID: 140026719}
  m_LocalRotation: {x: 0, y: 0, z: 0, w: 1}
  m_LocalPosition: {x: 0, y: 0, z: -10}
  m_LocalScale: {x: 1, y: 1, z: 1}
  m_Children: []
  m_Father: {fileID: 0}
  m_RootOrder: 0
--- !u!4 &183293052 stripped
Transform:
  m_PrefabParentObject: {fileID: 466468, guid: 3b0c018e34dcfba4fa7138e024a0d8c0, type: 2}
  m_PrefabInternal: {fileID: 689548262}
--- !u!1001 &285979532
Prefab:
  m_ObjectHideFlags: 0
  serializedVersion: 2
  m_Modification:
    m_TransformParent: {fileID: 0}
    m_Modifications:
    - target: {fileID: 466468, guid: acc532eb06a724b46adc04da929bd129, type: 2}
      propertyPath: m_LocalPosition.x
      value: -4.01000023
      objectReference: {fileID: 0}
    - target: {fileID: 466468, guid: acc532eb06a724b46adc04da929bd129, type: 2}
      propertyPath: m_LocalPosition.y
      value: -3.21000004
      objectReference: {fileID: 0}
    - target: {fileID: 466468, guid: acc532eb06a724b46adc04da929bd129, type: 2}
      propertyPath: m_LocalPosition.z
      value: 0
      objectReference: {fileID: 0}
    - target: {fileID: 466468, guid: acc532eb06a724b46adc04da929bd129, type: 2}
      propertyPath: m_LocalRotation.x
      value: 0
      objectReference: {fileID: 0}
    - target: {fileID: 466468, guid: acc532eb06a724b46adc04da929bd129, type: 2}
      propertyPath: m_LocalRotation.y
      value: 0
      objectReference: {fileID: 0}
    - target: {fileID: 466468, guid: acc532eb06a724b46adc04da929bd129, type: 2}
      propertyPath: m_LocalRotation.z
      value: 0
      objectReference: {fileID: 0}
    - target: {fileID: 466468, guid: acc532eb06a724b46adc04da929bd129, type: 2}
      propertyPath: m_LocalRotation.w
      value: 1
      objectReference: {fileID: 0}
    - target: {fileID: 466468, guid: acc532eb06a724b46adc04da929bd129, type: 2}
      propertyPath: m_RootOrder
      value: 5
      objectReference: {fileID: 0}
    - target: {fileID: 5889280, guid: acc532eb06a724b46adc04da929bd129, type: 2}
      propertyPath: m_Radius
      value: .125
      objectReference: {fileID: 0}
    m_RemovedComponents: []
  m_ParentPrefab: {fileID: 100100000, guid: acc532eb06a724b46adc04da929bd129, type: 2}
  m_IsPrefabParent: 0
--- !u!1001 &354308006
Prefab:
  m_ObjectHideFlags: 0
  serializedVersion: 2
  m_Modification:
    m_TransformParent: {fileID: 832507861}
    m_Modifications:
    - target: {fileID: 492396, guid: dfc2e33d39b7ac440a70847059eba179, type: 2}
      propertyPath: m_LocalPosition.x
      value: .0399999991
      objectReference: {fileID: 0}
    - target: {fileID: 492396, guid: dfc2e33d39b7ac440a70847059eba179, type: 2}
      propertyPath: m_LocalPosition.y
      value: 0
      objectReference: {fileID: 0}
    - target: {fileID: 492396, guid: dfc2e33d39b7ac440a70847059eba179, type: 2}
      propertyPath: m_LocalPosition.z
      value: 0
      objectReference: {fileID: 0}
    - target: {fileID: 492396, guid: dfc2e33d39b7ac440a70847059eba179, type: 2}
      propertyPath: m_LocalRotation.x
      value: 0
      objectReference: {fileID: 0}
    - target: {fileID: 492396, guid: dfc2e33d39b7ac440a70847059eba179, type: 2}
      propertyPath: m_LocalRotation.y
      value: 0
      objectReference: {fileID: 0}
    - target: {fileID: 492396, guid: dfc2e33d39b7ac440a70847059eba179, type: 2}
      propertyPath: m_LocalRotation.z
      value: 0
      objectReference: {fileID: 0}
    - target: {fileID: 492396, guid: dfc2e33d39b7ac440a70847059eba179, type: 2}
      propertyPath: m_LocalRotation.w
      value: 1
      objectReference: {fileID: 0}
    - target: {fileID: 492396, guid: dfc2e33d39b7ac440a70847059eba179, type: 2}
      propertyPath: m_RootOrder
      value: 4
      objectReference: {fileID: 0}
    - target: {fileID: 165006, guid: dfc2e33d39b7ac440a70847059eba179, type: 2}
      propertyPath: m_Name
      value: FloorArea
      objectReference: {fileID: 0}
    - target: {fileID: 492396, guid: dfc2e33d39b7ac440a70847059eba179, type: 2}
      propertyPath: m_LocalScale.x
      value: 12
      objectReference: {fileID: 0}
    - target: {fileID: 492396, guid: dfc2e33d39b7ac440a70847059eba179, type: 2}
      propertyPath: m_LocalScale.y
      value: 8
      objectReference: {fileID: 0}
    - target: {fileID: 6196962, guid: dfc2e33d39b7ac440a70847059eba179, type: 2}
      propertyPath: m_IsTrigger
      value: 1
      objectReference: {fileID: 0}
    m_RemovedComponents: []
  m_ParentPrefab: {fileID: 100100000, guid: dfc2e33d39b7ac440a70847059eba179, type: 2}
  m_IsPrefabParent: 0
--- !u!1001 &449136797
Prefab:
  m_ObjectHideFlags: 0
  serializedVersion: 2
  m_Modification:
    m_TransformParent: {fileID: 0}
    m_Modifications:
    - target: {fileID: 466468, guid: acc532eb06a724b46adc04da929bd129, type: 2}
      propertyPath: m_LocalPosition.x
      value: -4.01000023
      objectReference: {fileID: 0}
    - target: {fileID: 466468, guid: acc532eb06a724b46adc04da929bd129, type: 2}
      propertyPath: m_LocalPosition.y
      value: -3.21000004
      objectReference: {fileID: 0}
    - target: {fileID: 466468, guid: acc532eb06a724b46adc04da929bd129, type: 2}
      propertyPath: m_LocalPosition.z
      value: 0
      objectReference: {fileID: 0}
    - target: {fileID: 466468, guid: acc532eb06a724b46adc04da929bd129, type: 2}
      propertyPath: m_LocalRotation.x
      value: 0
      objectReference: {fileID: 0}
    - target: {fileID: 466468, guid: acc532eb06a724b46adc04da929bd129, type: 2}
      propertyPath: m_LocalRotation.y
      value: 0
      objectReference: {fileID: 0}
    - target: {fileID: 466468, guid: acc532eb06a724b46adc04da929bd129, type: 2}
      propertyPath: m_LocalRotation.z
      value: 0
      objectReference: {fileID: 0}
    - target: {fileID: 466468, guid: acc532eb06a724b46adc04da929bd129, type: 2}
      propertyPath: m_LocalRotation.w
      value: 1
      objectReference: {fileID: 0}
    - target: {fileID: 466468, guid: acc532eb06a724b46adc04da929bd129, type: 2}
      propertyPath: m_RootOrder
      value: 7
      objectReference: {fileID: 0}
    - target: {fileID: 120004, guid: acc532eb06a724b46adc04da929bd129, type: 2}
      propertyPath: m_Name
      value: Rune (1)
      objectReference: {fileID: 0}
    m_RemovedComponents: []
  m_ParentPrefab: {fileID: 100100000, guid: acc532eb06a724b46adc04da929bd129, type: 2}
  m_IsPrefabParent: 0
--- !u!1 &584245601
GameObject:
  m_ObjectHideFlags: 0
  m_PrefabParentObject: {fileID: 0}
  m_PrefabInternal: {fileID: 0}
  serializedVersion: 4
  m_Component:
  - 4: {fileID: 584245603}
  - 212: {fileID: 584245602}
  m_Layer: 0
  m_Name: portail
  m_TagString: Untagged
  m_Icon: {fileID: 0}
  m_NavMeshLayer: 0
  m_StaticEditorFlags: 0
  m_IsActive: 1
--- !u!212 &584245602
SpriteRenderer:
  m_ObjectHideFlags: 0
  m_PrefabParentObject: {fileID: 0}
  m_PrefabInternal: {fileID: 0}
  m_GameObject: {fileID: 584245601}
  m_Enabled: 1
  m_CastShadows: 0
  m_ReceiveShadows: 0
  m_Materials:
  - {fileID: 10754, guid: 0000000000000000e000000000000000, type: 0}
  m_SubsetIndices: 
  m_StaticBatchRoot: {fileID: 0}
  m_UseLightProbes: 1
  m_ReflectionProbeUsage: 1
  m_ProbeAnchor: {fileID: 0}
  m_ScaleInLightmap: 1
  m_PreserveUVs: 0
  m_ImportantGI: 0
  m_AutoUVMaxDistance: .5
  m_AutoUVMaxAngle: 89
  m_LightmapParameters: {fileID: 0}
  m_SortingLayerID: 0
  m_SortingOrder: 0
  m_Sprite: {fileID: 21300000, guid: 275bee08402094a4f86c1fcf09c08974, type: 3}
  m_Color: {r: 1, g: 1, b: 1, a: 1}
--- !u!4 &584245603
Transform:
  m_ObjectHideFlags: 0
  m_PrefabParentObject: {fileID: 0}
  m_PrefabInternal: {fileID: 0}
  m_GameObject: {fileID: 584245601}
  m_LocalRotation: {x: 0, y: 0, z: 0, w: 1}
  m_LocalPosition: {x: 0, y: 0, z: 0}
  m_LocalScale: {x: 1.5, y: 1.5, z: 1}
  m_Children: []
  m_Father: {fileID: 0}
  m_RootOrder: 10
--- !u!1001 &586369954
Prefab:
  m_ObjectHideFlags: 0
  serializedVersion: 2
  m_Modification:
    m_TransformParent: {fileID: 832507861}
    m_Modifications:
    - target: {fileID: 492396, guid: dfc2e33d39b7ac440a70847059eba179, type: 2}
      propertyPath: m_LocalPosition.x
      value: 0
      objectReference: {fileID: 0}
    - target: {fileID: 492396, guid: dfc2e33d39b7ac440a70847059eba179, type: 2}
      propertyPath: m_LocalPosition.y
      value: 4.46999979
      objectReference: {fileID: 0}
    - target: {fileID: 492396, guid: dfc2e33d39b7ac440a70847059eba179, type: 2}
      propertyPath: m_LocalPosition.z
      value: 0
      objectReference: {fileID: 0}
    - target: {fileID: 492396, guid: dfc2e33d39b7ac440a70847059eba179, type: 2}
      propertyPath: m_LocalRotation.x
      value: 0
      objectReference: {fileID: 0}
    - target: {fileID: 492396, guid: dfc2e33d39b7ac440a70847059eba179, type: 2}
      propertyPath: m_LocalRotation.y
      value: 0
      objectReference: {fileID: 0}
    - target: {fileID: 492396, guid: dfc2e33d39b7ac440a70847059eba179, type: 2}
      propertyPath: m_LocalRotation.z
      value: 0
      objectReference: {fileID: 0}
    - target: {fileID: 492396, guid: dfc2e33d39b7ac440a70847059eba179, type: 2}
      propertyPath: m_LocalRotation.w
      value: 1
      objectReference: {fileID: 0}
    - target: {fileID: 492396, guid: dfc2e33d39b7ac440a70847059eba179, type: 2}
      propertyPath: m_RootOrder
      value: 1
      objectReference: {fileID: 0}
    - target: {fileID: 165006, guid: dfc2e33d39b7ac440a70847059eba179, type: 2}
      propertyPath: m_Name
      value: Wall (1)
      objectReference: {fileID: 0}
    m_RemovedComponents: []
  m_ParentPrefab: {fileID: 100100000, guid: dfc2e33d39b7ac440a70847059eba179, type: 2}
  m_IsPrefabParent: 0
--- !u!1001 &689548262
Prefab:
  m_ObjectHideFlags: 0
  serializedVersion: 2
  m_Modification:
    m_TransformParent: {fileID: 1985301337}
    m_Modifications:
    - target: {fileID: 466468, guid: 3b0c018e34dcfba4fa7138e024a0d8c0, type: 2}
      propertyPath: m_LocalPosition.x
      value: 3.1400001
      objectReference: {fileID: 0}
    - target: {fileID: 466468, guid: 3b0c018e34dcfba4fa7138e024a0d8c0, type: 2}
      propertyPath: m_LocalPosition.y
      value: -2.23000002
      objectReference: {fileID: 0}
    - target: {fileID: 466468, guid: 3b0c018e34dcfba4fa7138e024a0d8c0, type: 2}
      propertyPath: m_LocalPosition.z
      value: 0
      objectReference: {fileID: 0}
    - target: {fileID: 466468, guid: 3b0c018e34dcfba4fa7138e024a0d8c0, type: 2}
      propertyPath: m_LocalRotation.x
      value: 0
      objectReference: {fileID: 0}
    - target: {fileID: 466468, guid: 3b0c018e34dcfba4fa7138e024a0d8c0, type: 2}
      propertyPath: m_LocalRotation.y
      value: 0
      objectReference: {fileID: 0}
    - target: {fileID: 466468, guid: 3b0c018e34dcfba4fa7138e024a0d8c0, type: 2}
      propertyPath: m_LocalRotation.z
      value: 0
      objectReference: {fileID: 0}
    - target: {fileID: 466468, guid: 3b0c018e34dcfba4fa7138e024a0d8c0, type: 2}
      propertyPath: m_LocalRotation.w
      value: 1
      objectReference: {fileID: 0}
    - target: {fileID: 466468, guid: 3b0c018e34dcfba4fa7138e024a0d8c0, type: 2}
      propertyPath: m_RootOrder
      value: 2
      objectReference: {fileID: 0}
    - target: {fileID: 120004, guid: 3b0c018e34dcfba4fa7138e024a0d8c0, type: 2}
      propertyPath: m_Name
      value: CharacterStick
      objectReference: {fileID: 0}
    - target: {fileID: 11474104, guid: 3b0c018e34dcfba4fa7138e024a0d8c0, type: 2}
      propertyPath: Keys.OverrideXAxis
      value: HorizontalJoy1
      objectReference: {fileID: 0}
    - target: {fileID: 11474104, guid: 3b0c018e34dcfba4fa7138e024a0d8c0, type: 2}
      propertyPath: Keys.OverrideYAxis
      value: VerticalJoy1
      objectReference: {fileID: 0}
    - target: {fileID: 11452546, guid: 3b0c018e34dcfba4fa7138e024a0d8c0, type: 2}
      propertyPath: Settings.Index
      value: 2
      objectReference: {fileID: 0}
    - target: {fileID: 11474104, guid: 3b0c018e34dcfba4fa7138e024a0d8c0, type: 2}
      propertyPath: Keys.ActionA
      value: 330
      objectReference: {fileID: 0}
    - target: {fileID: 11474104, guid: 3b0c018e34dcfba4fa7138e024a0d8c0, type: 2}
      propertyPath: Keys.ActionB
      value: 331
      objectReference: {fileID: 0}
    - target: {fileID: 11472510, guid: 3b0c018e34dcfba4fa7138e024a0d8c0, type: 2}
      propertyPath: Settings.MeshName
      value: Character_Red
      objectReference: {fileID: 0}
    m_RemovedComponents: []
  m_ParentPrefab: {fileID: 100100000, guid: 3b0c018e34dcfba4fa7138e024a0d8c0, type: 2}
  m_IsPrefabParent: 0
--- !u!1 &766822874
GameObject:
  m_ObjectHideFlags: 0
  m_PrefabParentObject: {fileID: 0}
  m_PrefabInternal: {fileID: 0}
  serializedVersion: 4
  m_Component:
  - 4: {fileID: 766822876}
  - 212: {fileID: 766822875}
  m_Layer: 0
  m_Name: background
  m_TagString: Untagged
  m_Icon: {fileID: 0}
  m_NavMeshLayer: 0
  m_StaticEditorFlags: 0
  m_IsActive: 1
--- !u!212 &766822875
SpriteRenderer:
  m_ObjectHideFlags: 0
  m_PrefabParentObject: {fileID: 0}
  m_PrefabInternal: {fileID: 0}
  m_GameObject: {fileID: 766822874}
  m_Enabled: 1
  m_CastShadows: 0
  m_ReceiveShadows: 0
  m_Materials:
  - {fileID: 10754, guid: 0000000000000000e000000000000000, type: 0}
  m_SubsetIndices: 
  m_StaticBatchRoot: {fileID: 0}
  m_UseLightProbes: 1
  m_ReflectionProbeUsage: 1
  m_ProbeAnchor: {fileID: 0}
  m_ScaleInLightmap: 1
  m_PreserveUVs: 0
  m_ImportantGI: 0
  m_AutoUVMaxDistance: .5
  m_AutoUVMaxAngle: 89
  m_LightmapParameters: {fileID: 0}
  m_SortingLayerID: 0
  m_SortingOrder: 0
  m_Sprite: {fileID: 21300000, guid: 41b77370070601047a713f8f634f33ce, type: 3}
  m_Color: {r: 1, g: 1, b: 1, a: 1}
--- !u!4 &766822876
Transform:
  m_ObjectHideFlags: 0
  m_PrefabParentObject: {fileID: 0}
  m_PrefabInternal: {fileID: 0}
  m_GameObject: {fileID: 766822874}
  m_LocalRotation: {x: 0, y: 0, z: 0, w: 1}
  m_LocalPosition: {x: .230000004, y: 0, z: 100}
  m_LocalScale: {x: 2, y: 2, z: 1}
  m_Children: []
  m_Father: {fileID: 0}
  m_RootOrder: 9
--- !u!1001 &822175103
Prefab:
  m_ObjectHideFlags: 0
  serializedVersion: 2
  m_Modification:
    m_TransformParent: {fileID: 0}
    m_Modifications:
    - target: {fileID: 466468, guid: 858631739f22d1545b3f37c83393df17, type: 2}
      propertyPath: m_LocalPosition.x
      value: .0399999991
      objectReference: {fileID: 0}
    - target: {fileID: 466468, guid: 858631739f22d1545b3f37c83393df17, type: 2}
      propertyPath: m_LocalPosition.y
      value: -3.11999989
      objectReference: {fileID: 0}
    - target: {fileID: 466468, guid: 858631739f22d1545b3f37c83393df17, type: 2}
      propertyPath: m_LocalPosition.z
      value: 0
      objectReference: {fileID: 0}
    - target: {fileID: 466468, guid: 858631739f22d1545b3f37c83393df17, type: 2}
      propertyPath: m_LocalRotation.x
      value: 0
      objectReference: {fileID: 0}
    - target: {fileID: 466468, guid: 858631739f22d1545b3f37c83393df17, type: 2}
      propertyPath: m_LocalRotation.y
      value: 0
      objectReference: {fileID: 0}
    - target: {fileID: 466468, guid: 858631739f22d1545b3f37c83393df17, type: 2}
      propertyPath: m_LocalRotation.z
      value: 0
      objectReference: {fileID: 0}
    - target: {fileID: 466468, guid: 858631739f22d1545b3f37c83393df17, type: 2}
      propertyPath: m_LocalRotation.w
      value: 1
      objectReference: {fileID: 0}
    - target: {fileID: 466468, guid: 858631739f22d1545b3f37c83393df17, type: 2}
      propertyPath: m_RootOrder
      value: 4
      objectReference: {fileID: 0}
    - target: {fileID: 11472510, guid: 858631739f22d1545b3f37c83393df17, type: 2}
      propertyPath: Settings.MeshName
      value: SummonTestSprite
      objectReference: {fileID: 0}
    m_RemovedComponents: []
  m_ParentPrefab: {fileID: 100100000, guid: 858631739f22d1545b3f37c83393df17, type: 2}
  m_IsPrefabParent: 0
--- !u!1 &832507860
GameObject:
  m_ObjectHideFlags: 0
  m_PrefabParentObject: {fileID: 0}
  m_PrefabInternal: {fileID: 0}
  serializedVersion: 4
  m_Component:
  - 4: {fileID: 832507861}
  m_Layer: 0
  m_Name: Enviro
  m_TagString: Untagged
  m_Icon: {fileID: 0}
  m_NavMeshLayer: 0
  m_StaticEditorFlags: 0
  m_IsActive: 1
--- !u!4 &832507861
Transform:
  m_ObjectHideFlags: 0
  m_PrefabParentObject: {fileID: 0}
  m_PrefabInternal: {fileID: 0}
  m_GameObject: {fileID: 832507860}
  m_LocalRotation: {x: 0, y: 0, z: 0, w: 1}
  m_LocalPosition: {x: 0, y: 0, z: 0}
  m_LocalScale: {x: 1, y: 1, z: 1}
  m_Children:
  - {fileID: 1446664871}
  - {fileID: 2046468548}
  - {fileID: 2066293536}
  - {fileID: 1106009096}
  - {fileID: 851443998}
  m_Father: {fileID: 0}
  m_RootOrder: 1
--- !u!4 &851443998 stripped
Transform:
  m_PrefabParentObject: {fileID: 492396, guid: dfc2e33d39b7ac440a70847059eba179, type: 2}
  m_PrefabInternal: {fileID: 354308006}
--- !u!4 &1106009096 stripped
Transform:
  m_PrefabParentObject: {fileID: 492396, guid: dfc2e33d39b7ac440a70847059eba179, type: 2}
  m_PrefabInternal: {fileID: 1861746049}
--- !u!1001 &1259732679
Prefab:
  m_ObjectHideFlags: 0
  serializedVersion: 2
  m_Modification:
    m_TransformParent: {fileID: 0}
    m_Modifications:
    - target: {fileID: 22465546, guid: a2dec67dea6af7e488cbd7a2cdd778ed, type: 2}
      propertyPath: m_LocalPosition.x
      value: 0
      objectReference: {fileID: 0}
    - target: {fileID: 22465546, guid: a2dec67dea6af7e488cbd7a2cdd778ed, type: 2}
      propertyPath: m_LocalPosition.y
      value: 0
      objectReference: {fileID: 0}
    - target: {fileID: 22465546, guid: a2dec67dea6af7e488cbd7a2cdd778ed, type: 2}
      propertyPath: m_LocalPosition.z
      value: 0
      objectReference: {fileID: 0}
    - target: {fileID: 22465546, guid: a2dec67dea6af7e488cbd7a2cdd778ed, type: 2}
      propertyPath: m_LocalRotation.x
      value: 0
      objectReference: {fileID: 0}
    - target: {fileID: 22465546, guid: a2dec67dea6af7e488cbd7a2cdd778ed, type: 2}
      propertyPath: m_LocalRotation.y
      value: 0
      objectReference: {fileID: 0}
    - target: {fileID: 22465546, guid: a2dec67dea6af7e488cbd7a2cdd778ed, type: 2}
      propertyPath: m_LocalRotation.z
      value: 0
      objectReference: {fileID: 0}
    - target: {fileID: 22465546, guid: a2dec67dea6af7e488cbd7a2cdd778ed, type: 2}
      propertyPath: m_LocalRotation.w
      value: 1
      objectReference: {fileID: 0}
    - target: {fileID: 22465546, guid: a2dec67dea6af7e488cbd7a2cdd778ed, type: 2}
      propertyPath: m_RootOrder
      value: 6
      objectReference: {fileID: 0}
    - target: {fileID: 22465546, guid: a2dec67dea6af7e488cbd7a2cdd778ed, type: 2}
      propertyPath: m_AnchoredPosition.x
      value: 0
      objectReference: {fileID: 0}
    - target: {fileID: 22465546, guid: a2dec67dea6af7e488cbd7a2cdd778ed, type: 2}
      propertyPath: m_AnchoredPosition.y
      value: 0
      objectReference: {fileID: 0}
    - target: {fileID: 22465546, guid: a2dec67dea6af7e488cbd7a2cdd778ed, type: 2}
      propertyPath: m_SizeDelta.x
      value: 0
      objectReference: {fileID: 0}
    - target: {fileID: 22465546, guid: a2dec67dea6af7e488cbd7a2cdd778ed, type: 2}
      propertyPath: m_SizeDelta.y
      value: 0
      objectReference: {fileID: 0}
    - target: {fileID: 22465546, guid: a2dec67dea6af7e488cbd7a2cdd778ed, type: 2}
      propertyPath: m_AnchorMin.x
      value: 0
      objectReference: {fileID: 0}
    - target: {fileID: 22465546, guid: a2dec67dea6af7e488cbd7a2cdd778ed, type: 2}
      propertyPath: m_AnchorMin.y
      value: 0
      objectReference: {fileID: 0}
    - target: {fileID: 22465546, guid: a2dec67dea6af7e488cbd7a2cdd778ed, type: 2}
      propertyPath: m_AnchorMax.x
      value: 0
      objectReference: {fileID: 0}
    - target: {fileID: 22465546, guid: a2dec67dea6af7e488cbd7a2cdd778ed, type: 2}
      propertyPath: m_AnchorMax.y
      value: 0
      objectReference: {fileID: 0}
    - target: {fileID: 22465546, guid: a2dec67dea6af7e488cbd7a2cdd778ed, type: 2}
      propertyPath: m_Pivot.x
      value: 0
      objectReference: {fileID: 0}
    - target: {fileID: 22465546, guid: a2dec67dea6af7e488cbd7a2cdd778ed, type: 2}
      propertyPath: m_Pivot.y
      value: 0
      objectReference: {fileID: 0}
    - target: {fileID: 128720, guid: a2dec67dea6af7e488cbd7a2cdd778ed, type: 2}
      propertyPath: m_IsActive
      value: 1
      objectReference: {fileID: 0}
    m_RemovedComponents: []
  m_ParentPrefab: {fileID: 100100000, guid: a2dec67dea6af7e488cbd7a2cdd778ed, type: 2}
  m_IsPrefabParent: 0
--- !u!1001 &1403559224
Prefab:
  m_ObjectHideFlags: 0
  serializedVersion: 2
  m_Modification:
    m_TransformParent: {fileID: 832507861}
    m_Modifications:
    - target: {fileID: 492396, guid: dfc2e33d39b7ac440a70847059eba179, type: 2}
      propertyPath: m_LocalPosition.x
      value: -6.0999999
      objectReference: {fileID: 0}
    - target: {fileID: 492396, guid: dfc2e33d39b7ac440a70847059eba179, type: 2}
      propertyPath: m_LocalPosition.y
      value: -.0500000007
      objectReference: {fileID: 0}
    - target: {fileID: 492396, guid: dfc2e33d39b7ac440a70847059eba179, type: 2}
      propertyPath: m_LocalPosition.z
      value: 0
      objectReference: {fileID: 0}
    - target: {fileID: 492396, guid: dfc2e33d39b7ac440a70847059eba179, type: 2}
      propertyPath: m_LocalRotation.x
      value: 0
      objectReference: {fileID: 0}
    - target: {fileID: 492396, guid: dfc2e33d39b7ac440a70847059eba179, type: 2}
      propertyPath: m_LocalRotation.y
      value: 0
      objectReference: {fileID: 0}
    - target: {fileID: 492396, guid: dfc2e33d39b7ac440a70847059eba179, type: 2}
      propertyPath: m_LocalRotation.z
      value: .707106829
      objectReference: {fileID: 0}
    - target: {fileID: 492396, guid: dfc2e33d39b7ac440a70847059eba179, type: 2}
      propertyPath: m_LocalRotation.w
      value: .707106709
      objectReference: {fileID: 0}
    - target: {fileID: 492396, guid: dfc2e33d39b7ac440a70847059eba179, type: 2}
      propertyPath: m_RootOrder
      value: 2
      objectReference: {fileID: 0}
    - target: {fileID: 165006, guid: dfc2e33d39b7ac440a70847059eba179, type: 2}
      propertyPath: m_Name
      value: Wall (2)
      objectReference: {fileID: 0}
    m_RemovedComponents: []
  m_ParentPrefab: {fileID: 100100000, guid: dfc2e33d39b7ac440a70847059eba179, type: 2}
  m_IsPrefabParent: 0
--- !u!4 &1446664871 stripped
Transform:
  m_PrefabParentObject: {fileID: 492396, guid: dfc2e33d39b7ac440a70847059eba179, type: 2}
  m_PrefabInternal: {fileID: 133215279}
--- !u!1001 &1633430476
Prefab:
  m_ObjectHideFlags: 0
  serializedVersion: 2
  m_Modification:
    m_TransformParent: {fileID: 0}
    m_Modifications:
    - target: {fileID: 466468, guid: 92fec7101c126f447a67cef51d451ba2, type: 2}
      propertyPath: m_LocalPosition.x
      value: 4.25
      objectReference: {fileID: 0}
    - target: {fileID: 466468, guid: 92fec7101c126f447a67cef51d451ba2, type: 2}
      propertyPath: m_LocalPosition.y
      value: 0
      objectReference: {fileID: 0}
    - target: {fileID: 466468, guid: 92fec7101c126f447a67cef51d451ba2, type: 2}
      propertyPath: m_LocalPosition.z
      value: 0
      objectReference: {fileID: 0}
    - target: {fileID: 466468, guid: 92fec7101c126f447a67cef51d451ba2, type: 2}
      propertyPath: m_LocalRotation.x
      value: 0
      objectReference: {fileID: 0}
    - target: {fileID: 466468, guid: 92fec7101c126f447a67cef51d451ba2, type: 2}
      propertyPath: m_LocalRotation.y
      value: 0
      objectReference: {fileID: 0}
    - target: {fileID: 466468, guid: 92fec7101c126f447a67cef51d451ba2, type: 2}
      propertyPath: m_LocalRotation.z
      value: 0
      objectReference: {fileID: 0}
    - target: {fileID: 466468, guid: 92fec7101c126f447a67cef51d451ba2, type: 2}
      propertyPath: m_LocalRotation.w
      value: 1
      objectReference: {fileID: 0}
    - target: {fileID: 466468, guid: 92fec7101c126f447a67cef51d451ba2, type: 2}
      propertyPath: m_RootOrder
      value: 3
      objectReference: {fileID: 0}
    m_RemovedComponents: []
  m_ParentPrefab: {fileID: 100100000, guid: 92fec7101c126f447a67cef51d451ba2, type: 2}
  m_IsPrefabParent: 0
--- !u!1001 &1652409078
Prefab:
  m_ObjectHideFlags: 0
  serializedVersion: 2
  m_Modification:
    m_TransformParent: {fileID: 1985301337}
    m_Modifications:
    - target: {fileID: 466468, guid: 3b0c018e34dcfba4fa7138e024a0d8c0, type: 2}
      propertyPath: m_LocalPosition.x
      value: -1.98500001
      objectReference: {fileID: 0}
    - target: {fileID: 466468, guid: 3b0c018e34dcfba4fa7138e024a0d8c0, type: 2}
      propertyPath: m_LocalPosition.y
      value: 1.773
      objectReference: {fileID: 0}
    - target: {fileID: 466468, guid: 3b0c018e34dcfba4fa7138e024a0d8c0, type: 2}
      propertyPath: m_LocalPosition.z
      value: 0
      objectReference: {fileID: 0}
    - target: {fileID: 466468, guid: 3b0c018e34dcfba4fa7138e024a0d8c0, type: 2}
      propertyPath: m_LocalRotation.x
      value: 0
      objectReference: {fileID: 0}
    - target: {fileID: 466468, guid: 3b0c018e34dcfba4fa7138e024a0d8c0, type: 2}
      propertyPath: m_LocalRotation.y
      value: 0
      objectReference: {fileID: 0}
    - target: {fileID: 466468, guid: 3b0c018e34dcfba4fa7138e024a0d8c0, type: 2}
      propertyPath: m_LocalRotation.z
      value: 0
      objectReference: {fileID: 0}
    - target: {fileID: 466468, guid: 3b0c018e34dcfba4fa7138e024a0d8c0, type: 2}
      propertyPath: m_LocalRotation.w
      value: 1
      objectReference: {fileID: 0}
    - target: {fileID: 466468, guid: 3b0c018e34dcfba4fa7138e024a0d8c0, type: 2}
      propertyPath: m_RootOrder
      value: 0
      objectReference: {fileID: 0}
    - target: {fileID: 120004, guid: 3b0c018e34dcfba4fa7138e024a0d8c0, type: 2}
      propertyPath: m_Name
      value: CharacterArrow
      objectReference: {fileID: 0}
    - target: {fileID: 11472510, guid: 3b0c018e34dcfba4fa7138e024a0d8c0, type: 2}
      propertyPath: Settings.MeshName
      value: Character_Red
      objectReference: {fileID: 0}
    m_RemovedComponents: []
  m_ParentPrefab: {fileID: 100100000, guid: 3b0c018e34dcfba4fa7138e024a0d8c0, type: 2}
  m_IsPrefabParent: 0
--- !u!4 &1652409079 stripped
Transform:
  m_PrefabParentObject: {fileID: 466468, guid: 3b0c018e34dcfba4fa7138e024a0d8c0, type: 2}
  m_PrefabInternal: {fileID: 1652409078}
--- !u!1001 &1831909849
Prefab:
  m_ObjectHideFlags: 0
  serializedVersion: 2
  m_Modification:
    m_TransformParent: {fileID: 0}
    m_Modifications:
    - target: {fileID: 445418, guid: f57818126bb2a824c836ba4e83f8961a, type: 2}
      propertyPath: m_LocalPosition.x
      value: 0
      objectReference: {fileID: 0}
    - target: {fileID: 445418, guid: f57818126bb2a824c836ba4e83f8961a, type: 2}
      propertyPath: m_LocalPosition.y
      value: 0
      objectReference: {fileID: 0}
    - target: {fileID: 445418, guid: f57818126bb2a824c836ba4e83f8961a, type: 2}
      propertyPath: m_LocalPosition.z
      value: 0
      objectReference: {fileID: 0}
    - target: {fileID: 445418, guid: f57818126bb2a824c836ba4e83f8961a, type: 2}
      propertyPath: m_LocalRotation.x
      value: 0
      objectReference: {fileID: 0}
    - target: {fileID: 445418, guid: f57818126bb2a824c836ba4e83f8961a, type: 2}
      propertyPath: m_LocalRotation.y
      value: 0
      objectReference: {fileID: 0}
    - target: {fileID: 445418, guid: f57818126bb2a824c836ba4e83f8961a, type: 2}
      propertyPath: m_LocalRotation.z
      value: 0
      objectReference: {fileID: 0}
    - target: {fileID: 445418, guid: f57818126bb2a824c836ba4e83f8961a, type: 2}
      propertyPath: m_LocalRotation.w
      value: 1
      objectReference: {fileID: 0}
    - target: {fileID: 445418, guid: f57818126bb2a824c836ba4e83f8961a, type: 2}
      propertyPath: m_RootOrder
      value: 11
      objectReference: {fileID: 0}
    - target: {fileID: 421702, guid: f57818126bb2a824c836ba4e83f8961a, type: 2}
      propertyPath: m_LocalRotation.x
      value: -.62630409
      objectReference: {fileID: 0}
    - target: {fileID: 421702, guid: f57818126bb2a824c836ba4e83f8961a, type: 2}
      propertyPath: m_LocalRotation.y
      value: .328242719
      objectReference: {fileID: 0}
    - target: {fileID: 421702, guid: f57818126bb2a824c836ba4e83f8961a, type: 2}
      propertyPath: m_LocalRotation.z
      value: .62630409
      objectReference: {fileID: 0}
    - target: {fileID: 421702, guid: f57818126bb2a824c836ba4e83f8961a, type: 2}
      propertyPath: m_LocalRotation.w
      value: .3282426
      objectReference: {fileID: 0}
    m_RemovedComponents: []
  m_ParentPrefab: {fileID: 100100000, guid: f57818126bb2a824c836ba4e83f8961a, type: 2}
  m_IsPrefabParent: 0
--- !u!1001 &1861746049
Prefab:
  m_ObjectHideFlags: 0
  serializedVersion: 2
  m_Modification:
    m_TransformParent: {fileID: 832507861}
    m_Modifications:
    - target: {fileID: 492396, guid: dfc2e33d39b7ac440a70847059eba179, type: 2}
      propertyPath: m_LocalPosition.x
      value: 6.0999999
      objectReference: {fileID: 0}
    - target: {fileID: 492396, guid: dfc2e33d39b7ac440a70847059eba179, type: 2}
      propertyPath: m_LocalPosition.y
      value: 0
      objectReference: {fileID: 0}
    - target: {fileID: 492396, guid: dfc2e33d39b7ac440a70847059eba179, type: 2}
      propertyPath: m_LocalPosition.z
      value: 0
      objectReference: {fileID: 0}
    - target: {fileID: 492396, guid: dfc2e33d39b7ac440a70847059eba179, type: 2}
      propertyPath: m_LocalRotation.x
      value: 0
      objectReference: {fileID: 0}
    - target: {fileID: 492396, guid: dfc2e33d39b7ac440a70847059eba179, type: 2}
      propertyPath: m_LocalRotation.y
      value: 0
      objectReference: {fileID: 0}
    - target: {fileID: 492396, guid: dfc2e33d39b7ac440a70847059eba179, type: 2}
      propertyPath: m_LocalRotation.z
      value: .707106829
      objectReference: {fileID: 0}
    - target: {fileID: 492396, guid: dfc2e33d39b7ac440a70847059eba179, type: 2}
      propertyPath: m_LocalRotation.w
      value: .707106709
      objectReference: {fileID: 0}
    - target: {fileID: 492396, guid: dfc2e33d39b7ac440a70847059eba179, type: 2}
      propertyPath: m_RootOrder
      value: 3
      objectReference: {fileID: 0}
    - target: {fileID: 165006, guid: dfc2e33d39b7ac440a70847059eba179, type: 2}
      propertyPath: m_Name
      value: Wall (3)
      objectReference: {fileID: 0}
    m_RemovedComponents: []
  m_ParentPrefab: {fileID: 100100000, guid: dfc2e33d39b7ac440a70847059eba179, type: 2}
  m_IsPrefabParent: 0
--- !u!1001 &1906192371
Prefab:
  m_ObjectHideFlags: 0
  serializedVersion: 2
  m_Modification:
    m_TransformParent: {fileID: 1985301337}
    m_Modifications:
    - target: {fileID: 466468, guid: 3b0c018e34dcfba4fa7138e024a0d8c0, type: 2}
      propertyPath: m_LocalPosition.x
      value: -2.28999996
      objectReference: {fileID: 0}
    - target: {fileID: 466468, guid: 3b0c018e34dcfba4fa7138e024a0d8c0, type: 2}
      propertyPath: m_LocalPosition.y
      value: 0
      objectReference: {fileID: 0}
    - target: {fileID: 466468, guid: 3b0c018e34dcfba4fa7138e024a0d8c0, type: 2}
      propertyPath: m_LocalPosition.z
      value: 0
      objectReference: {fileID: 0}
    - target: {fileID: 466468, guid: 3b0c018e34dcfba4fa7138e024a0d8c0, type: 2}
      propertyPath: m_LocalRotation.x
      value: 0
      objectReference: {fileID: 0}
    - target: {fileID: 466468, guid: 3b0c018e34dcfba4fa7138e024a0d8c0, type: 2}
      propertyPath: m_LocalRotation.y
      value: 0
      objectReference: {fileID: 0}
    - target: {fileID: 466468, guid: 3b0c018e34dcfba4fa7138e024a0d8c0, type: 2}
      propertyPath: m_LocalRotation.z
      value: 0
      objectReference: {fileID: 0}
    - target: {fileID: 466468, guid: 3b0c018e34dcfba4fa7138e024a0d8c0, type: 2}
      propertyPath: m_LocalRotation.w
      value: 1
      objectReference: {fileID: 0}
    - target: {fileID: 466468, guid: 3b0c018e34dcfba4fa7138e024a0d8c0, type: 2}
      propertyPath: m_RootOrder
      value: 1
      objectReference: {fileID: 0}
    - target: {fileID: 120004, guid: 3b0c018e34dcfba4fa7138e024a0d8c0, type: 2}
      propertyPath: m_Name
      value: CharacterASDW
      objectReference: {fileID: 0}
    - target: {fileID: 11474104, guid: 3b0c018e34dcfba4fa7138e024a0d8c0, type: 2}
      propertyPath: Keys.Left
      value: 97
      objectReference: {fileID: 0}
    - target: {fileID: 11474104, guid: 3b0c018e34dcfba4fa7138e024a0d8c0, type: 2}
      propertyPath: Keys.Right
      value: 100
      objectReference: {fileID: 0}
    - target: {fileID: 11474104, guid: 3b0c018e34dcfba4fa7138e024a0d8c0, type: 2}
      propertyPath: Keys.Up
      value: 119
      objectReference: {fileID: 0}
    - target: {fileID: 11474104, guid: 3b0c018e34dcfba4fa7138e024a0d8c0, type: 2}
      propertyPath: Keys.Down
      value: 115
      objectReference: {fileID: 0}
    - target: {fileID: 11452546, guid: 3b0c018e34dcfba4fa7138e024a0d8c0, type: 2}
      propertyPath: Settings.Index
      value: 1
      objectReference: {fileID: 0}
    - target: {fileID: 120004, guid: 3b0c018e34dcfba4fa7138e024a0d8c0, type: 2}
      propertyPath: m_TagString
      value: Player
      objectReference: {fileID: 0}
    - target: {fileID: 11474104, guid: 3b0c018e34dcfba4fa7138e024a0d8c0, type: 2}
      propertyPath: Keys.ActionA
      value: 114
      objectReference: {fileID: 0}
    - target: {fileID: 11474104, guid: 3b0c018e34dcfba4fa7138e024a0d8c0, type: 2}
      propertyPath: Keys.ActionB
      value: 102
      objectReference: {fileID: 0}
    - target: {fileID: 11472510, guid: 3b0c018e34dcfba4fa7138e024a0d8c0, type: 2}
      propertyPath: Settings.MeshName
      value: Character_Red
      objectReference: {fileID: 0}
    m_RemovedComponents: []
  m_ParentPrefab: {fileID: 100100000, guid: 3b0c018e34dcfba4fa7138e024a0d8c0, type: 2}
  m_IsPrefabParent: 0
--- !u!4 &1906192372 stripped
Transform:
  m_PrefabParentObject: {fileID: 466468, guid: 3b0c018e34dcfba4fa7138e024a0d8c0, type: 2}
  m_PrefabInternal: {fileID: 1906192371}
--- !u!1 &1985301336
GameObject:
  m_ObjectHideFlags: 0
  m_PrefabParentObject: {fileID: 0}
  m_PrefabInternal: {fileID: 0}
  serializedVersion: 4
  m_Component:
  - 4: {fileID: 1985301337}
  m_Layer: 0
  m_Name: Actors
  m_TagString: Untagged
  m_Icon: {fileID: 0}
  m_NavMeshLayer: 0
  m_StaticEditorFlags: 0
  m_IsActive: 1
--- !u!4 &1985301337
Transform:
  m_ObjectHideFlags: 0
  m_PrefabParentObject: {fileID: 0}
  m_PrefabInternal: {fileID: 0}
  m_GameObject: {fileID: 1985301336}
  m_LocalRotation: {x: 0, y: 0, z: 0, w: 1}
  m_LocalPosition: {x: 0, y: 0, z: 0}
  m_LocalScale: {x: 1, y: 1, z: 1}
  m_Children:
  - {fileID: 1652409079}
  - {fileID: 1906192372}
  - {fileID: 183293052}
  m_Father: {fileID: 0}
  m_RootOrder: 2
--- !u!4 &2046468548 stripped
Transform:
  m_PrefabParentObject: {fileID: 492396, guid: dfc2e33d39b7ac440a70847059eba179, type: 2}
  m_PrefabInternal: {fileID: 586369954}
--- !u!4 &2066293536 stripped
Transform:
  m_PrefabParentObject: {fileID: 492396, guid: dfc2e33d39b7ac440a70847059eba179, type: 2}
  m_PrefabInternal: {fileID: 1403559224}
